@article{universal-image-qual,
 author	= "Zhou Wang and Alan C. Bovik",
   title 	= "{Technical aids in hemiparetic patients: prescription, costs and usage}",
   journal   = "IEEE Signal Processing Letters",
   volume   = "9",
   number = "3",
   pages = "81-84",
   year		= "2002",
   month	= "March",
}

@article{ssim-image-qual,
	author	= "Z. Wang and A. C. Bovik and H. R. Sheikh and E. P. Simoncelli",
   title 	= "{Image quality assessment: From error visibility to structural similarity}",
   journal   = "IEEE Transactions on Image Processing",
   volume   = "13",
   number = "4",
   pages = "600-612",
   year		= "2004",
   month	= "April",
}
